<?xml version="1.0" encoding="UTF-8"?><collection xmlns="http://www.loc.gov/MARC21/slim"><record><leader>00344nam--2200133-i-4500</leader><controlfield tag="001">000002113</controlfield><controlfield tag="002">20161230</controlfield><controlfield tag="005">20161230201024</controlfield><controlfield tag="008">060222s1000------------r-----000-0-eng-d</controlfield><datafield ind1=" " ind2=" " tag="080"><subfield code="a">621.396.67</subfield></datafield><datafield ind1=" " ind2=" " tag="100"><subfield code="a">Dombrovski, I.A</subfield></datafield><datafield ind1=" " ind2=" " tag="245"><subfield code="a">Antene.traducere din limba rusa</subfield></datafield><datafield ind1=" " ind2=" " tag="260"><subfield code="a">Bucuresti, Editura Energetica De Stat, 1954. 390 P</subfield></datafield><datafield ind1=" " ind2=" " tag="852"><subfield code="a">3476</subfield></datafield></record></collection>